% Google Books

@book{BEA,
	title={El{\'e}ments d'algorithmique},
	author={Beauquier, D. and Berstel, J. and Chr{\'e}tienne, P.},
	isbn={9782225827044},
	series={Manuels informatiques Masson},
	url={https://books.google.fr/books?id=Dw55NAAACAAJ},
	year={1992},
	publisher={Masson}
}

@book{CAR,
	title={Langages formels - Calculabilit{\'e} et complexit{\'e} - Licence 3\&Master - Agr{\'e}gation},
	author={Carton, O.},
	isbn={9782311014006},
	url={https://books.google.fr/books?id=o2DToAEACAAJ},
	year={2014},
	publisher={Vuibert}
}

@book{FLO,
	title={The Language of Machines: An Introduction to Computability and Formal Languages},
	author={Floyd, R.W. and Beigel, R.},
	isbn={9780716782667},
	lccn={lc93003910},
	url={https://books.google.fr/books?id=KSxuQgAACAAJ},
	year={1994},
	publisher={Computer Science Press}
}

@book{HOP,
	title={Introduction to Automata Theory, Languages, and Computation: Pearson New International Edition},
	author={Hopcroft, J.E. and Motwani, R. and Ullman, J.D.},
	isbn={9781292056166},
	url={https://books.google.fr/books?id=dVipBwAAQBAJ},
	year={2013},
	publisher={Pearson Education Limited}
}

@book{KOZ,
	title={The Design and Analysis of Algorithms},
	author={Kozen, D.C.},
	isbn={9781461244004},
	lccn={91036759},
	series={Monographs in Computer Science},
	url={https://books.google.fr/books?id=HFn1BwAAQBAJ},
	year={2012},
	publisher={Springer New York}
}

@book{SIP,
	title={Introduction to the Theory of Computation},
	author={Sipser, M.},
	isbn={9781133187813},
	lccn={2012938665},
	series={Introduction to the Theory of Computation},
	url={https://books.google.fr/books?id=4J1ZMAEACAAJ},
	year={2012},
	publisher={Cengage Learning}
}

@book{WIL,
	title={Les compilateurs: th{\'e}orie, construction, g{\'e}n{\'e}ration},
	author={Wilhelm, R. and Maurer, D.},
	isbn={9782225846151},
	series={Manuels informatiques Masson},
	url={https://books.google.fr/books?id=KxcaAAAACAAJ},
	year={1994},
	publisher={Masson}
}

@book{WOL,
	title={Introduction {\`a} la calculabilit{\'e}: cours et exercices corrig{\'e}s},
	author={Wolper, P.},
	isbn={9782100499816},
	series={Sciences sup},
	url={https://books.google.fr/books?id=klMcGQAACAAJ},
	year={2006},
	publisher={Dunod}
}

% Not on Google Books (yet?)

@report{agreg2015,
	title = {{Rapport du jury}},
	year = {2015},
	url = {http://agreg.org/Rapports/rapport2015.pdf}
}

@book{AUT,
	author = {Jean-Michel \textsc{Autebert}},
	title = {Théorie des langages et des automates},
	year = {1994},
	isbn = {2-225-84001-6},
	publisher = {Masson},
}

@book{LS,
	author = {Romain \textsc{Legendre} et François \textsc{Schwarzentruber}},
	title = {Compilation : analyse lexicale et syntaxique},
	subtitle = {Du texte à sa structure en informatique},
	year = {2015},
	isbn = {9782340-003668},
	publisher = {Ellipses},
}